@misc
{Anti-sniffers,
author={Jérémy, \textsc{Amiot}},
title={Les Sniffers et anti-sniffers},
month={juin},year={2008},
howpublished = {\\\url{www.authsecu.com/sniffers-anti-sniffers/sniffers-anti-sniffers.php}}
}
@misc
{Cours,
author={Vitaly, \textsc{Shmatikov}},
title={Cours dispensé à la CSU Texas},
year={2012},
howpublished = {\\\url{http://www.cs.utexas.edu/~shmat/courses/cs380s}}
}
@misc
{Wireshark,
author={Guillaume, \textsc{Lehmann}},
title={Introduction à Wireshark},
howpublished = {\\\url{http://lehmann.free.fr/Contributions/NetworkAnalyzer/Wireshark_Dumpcap.pdf}}
}
@misc
{Sniffer,
author={RaPass},
title={Création d'un sniffer},
howpublished = {\\\url{http://www.ouah.org/snifferfr}}
}
@misc
{WiresharkO,
title={Site officiel de Wireshark},
howpublished = {\\\url{https://www.wireshark.org/}}
}
@misc
{WiresharkC,
title={Code de Wireshark},
howpublished = {\\\url{https://code.wireshark.org/review/gitweb?p=wireshark.git;a=tree}}
}
@misc
{DNSPoisonning,
title={e-Xpert : DNS poisonning},
howpublished = {\\\url{https://blog.e-xpertsolutions.com/attention-aux-attaques-dns/}}
}
@misc
{Defense,
author={Frédérik, \textsc{Paradis} AND Gregory Eric ,\textsc{Sanderson} AND Louis-Étienne ,\textsc{Dorval} AND Simon, \textsc{Perreault}},
title={Techniques de défense dans un réseau},
year={2012},
howpublished = {\\\url{https://asiq.org/wp-content/uploads/2015/02/ASIQ-Bourses-2011-2012-NiveauCollegial.pdf}}
}
@misc
{DNS,
author={Vitaly, \textsc{Shmatikov} AND Sooel, \textsc{Son}},
title={The Hitchhiker’s Guide to DNS Cache Poisoning},
howpublished = {\\\url{http://www.cs.cornell.edu/~shmat/shmat_securecomm10.pdf}}
}
@misc
{AndroidSecurity,
title={A Study of Android Application Security},
author={William, \textsc{Enck} AND Damien, \textsc{Octeau} AND Patrick, \textsc{McDaniel} AND Swarat, \textsc{Chaudhuri}},
howpublished = {\\\url{http://www.enck.org/pubs/enck-sec11.pdf}}
}
@misc
{NetworkAnalysis,
title={Analysis of Network Packets},
howpublished = {\\\url{http://www.iitg.ernet.in/cse/ISEA/isea_PPT/ISEA_02_09/Analysis+of+Network+Packets.pdf}}
}
